@book{Dominguez2020,
author = {Dominguez Rivas, Victor Manuel},
title = {Plantilla TFG ETSISI UPM},
year = {2020},
publisher = {ETSISI}
}